<?xml version="1.0" encoding="UTF-8"?><collection xmlns="http://www.loc.gov/MARC21/slim"><record><leader>00449nam--2200169-i-4500</leader><controlfield tag="001">000020277</controlfield><controlfield tag="002">20161230</controlfield><controlfield tag="005">20161230201033</controlfield><controlfield tag="008">060222s1000------------r-----000-0-eng-d</controlfield><datafield ind1=" " ind2=" " tag="040"><subfield code="a">541.64</subfield></datafield><datafield ind1=" " ind2=" " tag="080"><subfield code="a">541.64</subfield></datafield><datafield ind1="1" ind2=" " tag="100"><subfield code="a">Flory, Paul J</subfield></datafield><datafield ind1="1" ind2="0" tag="245"><subfield code="a">Principles of polymer chemistry</subfield><subfield code="c">Paul j. flory</subfield></datafield><datafield ind1=" " ind2=" " tag="260"><subfield code="a">Ithaca, New York</subfield><subfield code="b">Cornell University Press</subfield><subfield code="c">1953</subfield></datafield><datafield ind1=" " ind2=" " tag="300"><subfield code="a">XVI + 672 P</subfield></datafield><datafield ind1=" " ind2=" " tag="852"><subfield code="a">77492</subfield><subfield code="c">541.64</subfield></datafield><datafield ind1=" " ind2=" " tag="CAT"><subfield code="a">Sys</subfield><subfield code="c">20111117</subfield><subfield code="h">144353</subfield></datafield></record></collection>